@article{mickelsen2020cellular,
  title={Cellular taxonomy and spatial organization of the murine ventral posterior hypothalamus},
  author={Mickelsen, Laura E and Flynn, William F and Springer, Kristen and Wilson, Lydia and Beltrami, Eric J and Bolisetty, Mohan and Robson, Paul and Jackson, Alexander C},
  journal={Elife},
  volume={9},
  pages={e58901},
  year={2020},
  publisher={eLife Sciences Publications Limited}
}

@article{chen2017single,
  title={Single-cell RNA-seq reveals hypothalamic cell diversity},
  author={Chen, Renchao and Wu, Xiaoji and Jiang, Lan and Zhang, Yi},
  journal={Cell reports},
  volume={18},
  number={13},
  pages={3227--3241},
  year={2017},
  publisher={Elsevier}
}

@article{tian2006multicast,
  title={Multicast-based inference for topology and network-internal loss performance from end-to-end measurements},
  author={Tian, Hui and Shen, Hong},
  journal={Computer Communications},
  volume={29},
  number={11},
  pages={1936--1947},
  year={2006},
  publisher={Elsevier}
}

@inproceedings{tian2005hamming,
  title={Hamming distance and hop count based classification for multicast network topology inference},
  author={Tian, Hui and Shen, Hong},
  booktitle={19th International Conference on Advanced Information Networking and Applications (AINA'05) Volume 1 (AINA papers)},
  volume={1},
  pages={267--272},
  year={2005},
  organization={IEEE}
}

@article{ehounou2020minimizing,
  title={Minimizing the Hamming distance between a graph and a line-graph to discover the topology of an electrical network.},
  author={Ehounou, Wilfried Joseph and Barth, Dominique and De Moissac, Arnaud and Watel, Dimitri and Weisser, Marc-Antoine},
  journal={J. Graph Algorithms Appl.},
  volume={24},
  number={3},
  pages={133--153},
  year={2020}
}


@article{chen2020emerging,
  title={The emerging role of XBP1 in cancer},
  author={Chen, Shanshan and Chen, Jing and Hua, Xin and Sun, Yue and Cui, Rui and Sha, Jun and Zhu, Xiaoli},
  journal={Biomedicine \& Pharmacotherapy},
  volume={127},
  pages={110069},
  year={2020},
  publisher={Elsevier}
}

@article{weinstein2013cancer,
  title={The cancer genome atlas pan-cancer analysis project},
  author={Weinstein, John N and Collisson, Eric A and Mills, Gordon B and Shaw, Kenna R and Ozenberger, Brad A and Ellrott, Kyle and Shmulevich, Ilya and Sander, Chris and Stuart, Joshua M},
  journal={Nature genetics},
  volume={45},
  number={10},
  pages={1113--1120},
  year={2013},
  publisher={Nature Publishing Group}
}

@article{sun2020high,
  title={High expression of fibronectin 1 indicates poor prognosis in gastric cancer},
  author={Sun, Yang and Zhao, Chunlin and Ye, Yanwei and Wang, Zhen and He, Yuanhang and Li, Yulin and Mao, Haoxun},
  journal={Oncology Letters},
  volume={19},
  number={1},
  pages={93--102},
  year={2020},
  publisher={Spandidos Publications}
}

@article{wirth2011expression,
  title={Expression cartography of human tissues using self organizing maps},
  author={Wirth, Henry and L{\"o}ffler, Markus and von Bergen, Martin and Binder, Hans},
  journal={Nature precedings},
  pages={1--1},
  year={2011},
  publisher={Nature Publishing Group}
}

@article{wu2014galanin,
  title={Galanin neurons in the medial preoptic area govern parental behaviour},
  author={Wu, Zheng and Autry, Anita E and Bergan, Joseph F and Watabe-Uchida, Mitsuko and Dulac, Catherine G},
  journal={Nature},
  volume={509},
  number={7500},
  pages={325--330},
  year={2014},
  publisher={Nature Publishing Group}
}


@article{ha2018personalized,
  title={Personalized integrated network modeling of the cancer proteome atlas},
  author={Ha, Min Jin and Banerjee, Sayantan and Akbani, Rehan and Liang, Han and Mills, Gordon B and Do, Kim-Anh and Baladandayuthapani, Veerabhadran},
  journal={Scientific reports},
  volume={8},
  number={1},
  pages={1--14},
  year={2018},
  publisher={Nature Publishing Group}
}

@article{watanabe2013widely,
  title={A widely applicable Bayesian information criterion},
  author={Watanabe, Sumio},
  journal={Journal of Machine Learning Research},
  volume={14},
  number={Mar},
  pages={867--897},
  year={2013}
}

@article{watanabe2010asymptotic,
  title={Asymptotic equivalence of {B}ayes cross validation and widely applicable information criterion in singular learning theory},
  author={Watanabe, Sumio},
  journal={Journal of Machine Learning Research},
  volume={11},
  number={Dec},
  pages={3571--3594},
  year={2010}
}

@incollection{akaike1998information,
  title={Information theory and an extension of the maximum likelihood principle},
  author={Akaike, Hirotogu},
  booktitle={Selected papers of Hirotugu Akaike},
  pages={199--213},
  year={1998},
  publisher={Springer}
}

@article{spiegelhalter2002bayesian,
  title={Bayesian measures of model complexity and fit},
  author={Spiegelhalter, David J and Best, Nicola G and Carlin, Bradley P and Van Der Linde, Angelika},
  journal={Journal of the royal statistical society: Series B (statistical methodology)},
  volume={64},
  number={4},
  pages={583--639},
  year={2002},
  publisher={Wiley Online Library}
}

@article{gelman2014understanding,
  title={Understanding predictive information criteria for {B}ayesian models},
  author={Gelman, Andrew and Hwang, Jessica and Vehtari, Aki},
  journal={Statistics and computing},
  volume={24},
  number={6},
  pages={997--1016},
  year={2014},
  publisher={Springer}
}

@article{banerjee2000geostatistical,
  title={Geostatistical modelling for spatial interaction data with application to postal service performance},
  author={Banerjee, Sudipto and Gelfand, Alan E and Polasek, Wolfgang},
  journal={Journal of statistical planning and inference},
  volume={90},
  number={1},
  pages={87--105},
  year={2000},
  publisher={Elsevier}
}

@article{banerjee2003frailty,
  title={Frailty modeling for spatially correlated survival data, with application to infant mortality in Minnesota},
  author={Banerjee, Sudipto and Wall, Melanie M and Carlin, Bradley P},
  journal={Biostatistics},
  volume={4},
  number={1},
  pages={123--142},
  year={2003},
  publisher={Oxford University Press}
}

@article{lee2009performance,
  title={Performance of information criteria for spatial models},
  author={Lee, Hyeyoung and Ghosh, Sujit K},
  journal={Journal of statistical computation and simulation},
  volume={79},
  number={1},
  pages={93--106},
  year={2009},
  publisher={Taylor \& Francis}
}

@article{dryden2009non,
  title={Non-Euclidean statistics for covariance matrices, with applications to diffusion tensor imaging},
  author={Dryden, Ian L and Koloydenko, Alexey and Zhou, Diwei and others},
  journal={The Annals of Applied Statistics},
  volume={3},
  number={3},
  pages={1102--1123},
  year={2009},
  publisher={Institute of Mathematical Statistics}
}

@article{brandes2007modularity,
  title={On modularity clustering},
  author={Brandes, Ulrik and Delling, Daniel and Gaertler, Marco and Gorke, Robert and Hoefer, Martin and Nikoloski, Zoran and Wagner, Dorothea},
  journal={IEEE transactions on knowledge and data engineering},
  volume={20},
  number={2},
  pages={172--188},
  year={2007},
  publisher={IEEE}
}

@article{zhao2016bayesian,
  title={Bayesian group factor analysis with structured sparsity},
  author={Zhao, Shiwen and Gao, Chuan and Mukherjee, Sayan and Engelhardt, Barbara E},
  journal={The Journal of Machine Learning Research},
  volume={17},
  number={1},
  pages={6868--6914},
  year={2016},
  publisher={JMLR. org}
}

@article{garcia2021coexp,
  title={CoExp: A Web Tool for the Exploitation of Co-expression Networks},
  author={Garc{\'\i}a-Ruiz, Sonia and Gil-Mart{\'\i}nez, Ana L and Cisterna, Alejandro and Jurado-Ruiz, Federico and Reynolds, Regina H and Cookson, Mark R and Hardy, John and Ryten, Mina and Bot{\'\i}a, Juan A and others},
  journal={Frontiers in genetics},
  volume={12},
  pages={218},
  year={2021},
  publisher={Frontiers}
}

@article{wang2016single,
  title={Single-cell co-expression analysis reveals distinct functional modules, co-regulation mechanisms and clinical outcomes},
  author={Wang, Jie and Xia, Shuli and Arand, Brian and Zhu, Heng and Machiraju, Raghu and Huang, Kun and Ji, Hongkai and Qian, Jiang},
  journal={PLoS computational biology},
  volume={12},
  number={4},
  pages={e1004892},
  year={2016},
  publisher={Public Library of Science San Francisco, CA USA}
}

@article{ha2015dingo,
  title={DINGO: differential network analysis in genomics},
  author={Ha, Min Jin and Baladandayuthapani, Veerabhadran and Do, Kim-Anh},
  journal={Bioinformatics},
  volume={31},
  number={21},
  pages={3413--3420},
  year={2015},
  publisher={Oxford University Press}
}

@article{goh2007human,
  title={The human disease network},
  author={Goh, Kwang-Il and Cusick, Michael E and Valle, David and Childs, Barton and Vidal, Marc and Barab{\'a}si, Albert-L{\'a}szl{\'o}},
  journal={Proceedings of the National Academy of Sciences},
  volume={104},
  number={21},
  pages={8685--8690},
  year={2007},
  publisher={National Acad Sciences}
}

@article{navarro2020spatial,
  title={Spatial Transcriptomics Reveals Genes Associated with Dysregulated Mitochondrial Functions and Stress Signaling in Alzheimer Disease},
  author={Navarro, Jos{\'e} Fern{\'a}ndez and Croteau, Deborah L and Jurek, Aleksandra and Andrusivova, Zaneta and Yang, Beimeng and Wang, Yue and Ogedegbe, Benjamin and Riaz, Tahira and St{\o}en, Mari and Desler, Claus and others},
  journal={Iscience},
  volume={23},
  number={10},
  pages={101556},
  year={2020},
  publisher={Elsevier}
}

@article{saviano2020single,
  title={Single-cell genomics and spatial transcriptomics: discovery of novel cell states and cellular interactions in liver physiology and disease biology},
  author={Saviano, Antonio and Henderson, Neil C and Baumert, Thomas F},
  journal={Journal of hepatology},
  volume={73},
  number={5},
  pages={1219--1230},
  year={2020},
  publisher={Elsevier}
}

@article{marx2021method,
  title={Method of the Year: spatially resolved transcriptomics},
  author={Marx, Vivien},
  journal={Nature Methods},
  volume={18},
  number={1},
  pages={9--14},
  year={2021},
  publisher={Nature Publishing Group}
}

@article{zhu2021spark,
  title={SPARK-X: non-parametric modeling enables scalable and robust detection of spatial expression patterns for large spatial transcriptomic studies},
  author={Zhu, Jiaqiang and Sun, Shiquan and Zhou, Xiang},
  journal={Genome Biology},
  volume={22},
  number={1},
  pages={1--25},
  year={2021},
  publisher={BioMed Central}
}

@article{dries2021giotto,
  title={Giotto: a toolbox for integrative analysis and visualization of spatial expression data},
  author={Dries, Ruben and Zhu, Qian and Dong, Rui and Eng, Chee-Huat Linus and Li, Huipeng and Liu, Kan and Fu, Yuntian and Zhao, Tianxiao and Sarkar, Arpan and Bao, Feng and others},
  journal={Genome biology},
  volume={22},
  number={1},
  pages={1--31},
  year={2021},
  publisher={Springer}
}

@article{van2016diffany,
  title={Diffany: an ontology-driven framework to infer, visualise and analyse differential molecular networks},
  author={Van Landeghem, Sofie and Van Parys, Thomas and Dubois, Marieke and Inz{\'e}, Dirk and Van de Peer, Yves},
  journal={BMC bioinformatics},
  volume={17},
  number={1},
  pages={1--12},
  year={2016},
  publisher={BioMed Central}
}

@article{tesson2010diffcoex,
  title={DiffCoEx: a simple and sensitive method to find differentially coexpressed gene modules},
  author={Tesson, Bruno M and Breitling, Rainer and Jansen, Ritsert C},
  journal={BMC bioinformatics},
  volume={11},
  number={1},
  pages={1--9},
  year={2010},
  publisher={BioMed Central}
}

@article{gill2010statistical,
  title={A statistical framework for differential network analysis from microarray data},
  author={Gill, Ryan and Datta, Somnath and Datta, Susmita},
  journal={BMC bioinformatics},
  volume={11},
  number={1},
  pages={1--10},
  year={2010},
  publisher={Springer}
}

@article{ideker2012differential,
  title={Differential network biology},
  author={Ideker, Trey and Krogan, Nevan J},
  journal={Molecular systems biology},
  volume={8},
  number={1},
  pages={565},
  year={2012},
  publisher={John Wiley \& Sons, Ltd Chichester, UK}
}

@article{platig2016bipartite,
  title={Bipartite community structure of eQTLs},
  author={Platig, John and Castaldi, Peter J and DeMeo, Dawn and Quackenbush, John},
  journal={PLoS computational biology},
  volume={12},
  number={9},
  pages={e1005033},
  year={2016},
  publisher={Public Library of Science San Francisco, CA USA}
}

@article{menche2015uncovering,
  title={Uncovering disease-disease relationships through the incomplete interactome},
  author={Menche, J{\"o}rg and Sharma, Amitabh and Kitsak, Maksim and Ghiassian, Susan Dina and Vidal, Marc and Loscalzo, Joseph and Barab{\'a}si, Albert-L{\'a}szl{\'o}},
  journal={Science},
  volume={347},
  number={6224},
  year={2015},
  publisher={American Association for the Advancement of Science}
}

@article{santolini2018predicting,
  title={Predicting perturbation patterns from the topology of biological networks},
  author={Santolini, Marc and Barab{\'a}si, Albert-L{\'a}szl{\'o}},
  journal={Proceedings of the National Academy of Sciences},
  volume={115},
  number={27},
  pages={E6375--E6383},
  year={2018},
  publisher={National Acad Sciences}
}

@article{marbach2016tissue,
  title={Tissue-specific regulatory circuits reveal variable modular perturbations across complex diseases},
  author={Marbach, Daniel and Lamparter, David and Quon, Gerald and Kellis, Manolis and Kutalik, Zolt{\'a}n and Bergmann, Sven},
  journal={Nature methods},
  volume={13},
  number={4},
  pages={366--370},
  year={2016},
  publisher={Nature Publishing Group}
}

@article{sonawane2019network,
  title={Network medicine in the age of biomedical big data},
  author={Sonawane, Abhijeet R and Weiss, Scott T and Glass, Kimberly and Sharma, Amitabh},
  journal={Frontiers in Genetics},
  volume={10},
  pages={294},
  year={2019},
  publisher={Frontiers}
}

@article{barabasi2011network,
  title={Network medicine: a network-based approach to human disease},
  author={Barab{\'a}si, Albert-L{\'a}szl{\'o} and Gulbahce, Natali and Loscalzo, Joseph},
  journal={Nature reviews genetics},
  volume={12},
  number={1},
  pages={56--68},
  year={2011},
  publisher={Nature Publishing Group}
}

@article{yuan2020gcng,
  title={GCNG: graph convolutional networks for inferring gene interaction from spatial transcriptomics data},
  author={Yuan, Ye and Bar-Joseph, Ziv},
  journal={Genome Biology},
  volume={21},
  number={1},
  pages={1--16},
  year={2020},
  publisher={BioMed Central}
}

@article{salamon2018network,
  title={Network visualization and analysis of spatially aware gene expression data with InsituNet},
  author={Salamon, John and Qian, Xiaoyan and Nilsson, Mats and Lynn, David John},
  journal={Cell systems},
  volume={6},
  number={5},
  pages={626--630},
  year={2018},
  publisher={Elsevier}
}

@article{crow2016exploiting,
  title={Exploiting single-cell expression to characterize co-expression replicability},
  author={Crow, Megan and Paul, Anirban and Ballouz, Sara and Huang, Z Josh and Gillis, Jesse},
  journal={Genome biology},
  volume={17},
  number={1},
  pages={1--19},
  year={2016},
  publisher={Springer}
}

@article{vickovic2019high,
  title={High-definition spatial transcriptomics for in situ tissue profiling},
  author={Vickovic, Sanja and Eraslan, G{\"o}kcen and Salm{\'e}n, Fredrik and Klughammer, Johanna and Stenbeck, Linnea and Schapiro, Denis and {\"A}ij{\"o}, Tarmo and Bonneau, Richard and Bergenstr{\aa}hle, Ludvig and Navarro, Jos{\'e} Fernand{\'e}z and others},
  journal={Nature methods},
  volume={16},
  number={10},
  pages={987--990},
  year={2019},
  publisher={Nature Publishing Group}
}

@article{rubakhin2011profiling,
  title={Profiling metabolites and peptides in single cells},
  author={Rubakhin, Stanislav S and Romanova, Elena V and Nemes, Peter and Sweedler, Jonathan V},
  journal={Nature methods},
  volume={8},
  number={4},
  pages={S20--S29},
  year={2011},
  publisher={Nature Publishing Group}
}

@article{tang2011development,
  title={Development and applications of single-cell transcriptome analysis},
  author={Tang, Fuchou and Lao, Kaiqin and Surani, M Azim},
  journal={Nature methods},
  volume={8},
  number={4},
  pages={S6--S11},
  year={2011},
  publisher={Nature Publishing Group}
}

@article{fawcett2006introduction,
  title={An introduction to ROC analysis},
  author={Fawcett, Tom},
  journal={Pattern recognition letters},
  volume={27},
  number={8},
  pages={861--874},
  year={2006},
  publisher={Elsevier}
}

@article{robert1976unifying,
  title={A unifying tool for linear multivariate statistical methods: the RV-coefficient},
  author={Robert, Paul and Escoufier, Yves},
  journal={Journal of the Royal Statistical Society: Series C (Applied Statistics)},
  volume={25},
  number={3},
  pages={257--265},
  year={1976},
  publisher={Wiley Online Library}
}

@article{lex2014upset,
  title={UpSet: visualization of intersecting sets},
  author={Lex, Alexander and Gehlenborg, Nils and Strobelt, Hendrik and Vuillemot, Romain and Pfister, Hanspeter},
  journal={IEEE transactions on visualization and computer graphics},
  volume={20},
  number={12},
  pages={1983--1992},
  year={2014},
  publisher={IEEE}
}

@article{de2019multi,
  title={Multi-study factor analysis},
  author={De Vito, Roberta and Bellio, Ruggero and Trippa, Lorenzo and Parmigiani, Giovanni},
  journal={Biometrics},
  volume={75},
  number={1},
  pages={337--346},
  year={2019},
  publisher={Wiley Online Library}
}

@article{scott2013differential,
  title={Differential pre-mRNA splicing regulates Nnat isoforms in the hypothalamus after gastric bypass surgery in mice},
  author={Scott, William R and Gelegen, Cigdem and Chandarana, Keval and Karra, Efthimia and Yousseif, Ahmed and Amouyal, Chloe and Choudhury, Agharul I and Andreelli, Fabrizio and Withers, Dominic J and Batterham, Rachel L},
  journal={PLoS One},
  volume={8},
  number={3},
  pages={e59407},
  year={2013},
  publisher={Public Library of Science San Francisco, USA}
}

@article{sopariwala2015sarcolipin,
  title={Sarcolipin overexpression improves muscle energetics and reduces fatigue},
  author={Sopariwala, Danesh H and Pant, Meghna and Shaikh, Sana A and Goonasekera, Sanjeewa A and Molkentin, Jeffery D and Weisleder, Noah and Ma, Jianjie and Pan, Zui and Periasamy, Muthu},
  journal={Journal of Applied Physiology},
  volume={118},
  number={8},
  pages={1050--1058},
  year={2015},
  publisher={American Physiological Society Bethesda, MD}
}

@article{may2016cck,
  title={CCK increases the transport of insulin into the brain},
  author={May, Aaron A and Liu, Min and Woods, Stephen C and Begg, Denovan P},
  journal={Physiology \& behavior},
  volume={165},
  pages={392--397},
  year={2016},
  publisher={Elsevier}
}

@article{trivedi2015tachykinin,
  title={Tachykinin-1 in the central nervous system regulates adiposity in rodents},
  author={Trivedi, Chitrang and Shan, Xiaoye and Tung, Yi-Chun Loraine and Kabra, Dhiraj and Holland, Jenna and Amburgy, Sarah and Heppner, Kristy and Kirchner, Henriette and Yeo, Giles SH and Perez-Tilve, Diego},
  journal={Endocrinology},
  volume={156},
  number={5},
  pages={1714--1723},
  year={2015},
  publisher={Oxford University Press}
}

@article{tschop2000ghrelin,
  title={Ghrelin induces adiposity in rodents},
  author={Tsch{\"o}p, Matthias and Smiley, David L and Heiman, Mark L},
  journal={Nature},
  volume={407},
  number={6806},
  pages={908--913},
  year={2000},
  publisher={Nature Publishing Group}
}

@article{sun2020statistical,
  title={Statistical analysis of spatial expression patterns for spatially resolved transcriptomic studies},
  author={Sun, Shiquan and Zhu, Jiaqiang and Zhou, Xiang},
  journal={Nature methods},
  volume={17},
  number={2},
  pages={193--200},
  year={2020},
  publisher={Nature Publishing Group}
}

@article{sun2018heritability,
    title = {Heritability estimation and differential analysis of count data with generalized linear mixed models in genomic sequencing studies},
    author = {Sun, Shiquan and Zhu, Jiaqiang and Mozaffari, Sahar and Ober, Carole and Chen, Mengjie and Zhou, Xiang},
    journal = {Bioinformatics},
    volume = {35},
    number = {3},
    pages = {487-496},
    year = {2018}
}

@article {Moffitteaau5324,
	author = {Moffitt, Jeffrey R. and Bambah-Mukku, Dhananjay and Eichhorn, Stephen W. and Vaughn, Eric and Shekhar, Karthik and Perez, Julio D. and Rubinstein, Nimrod D. and Hao, Junjie and Regev, Aviv and Dulac, Catherine and Zhuang, Xiaowei},
	title = {Molecular, spatial, and functional single-cell profiling of the hypothalamic preoptic region},
	volume = {362},
	number = {6416},
	elocation-id = {eaau5324},
	year = {2018},
	doi = {10.1126/science.aau5324},
	publisher = {American Association for the Advancement of Science},
	issn = {0036-8075},
	URL = {https://science.sciencemag.org/content/362/6416/eaau5324},
	eprint = {https://science.sciencemag.org/content/362/6416/eaau5324.full.pdf},
	journal = {Science}
}

@article{staahl2016visualization,
  title={Visualization and analysis of gene expression in tissue sections by spatial transcriptomics},
  author={St{\aa}hl, Patrik L and Salm{\'e}n, Fredrik and Vickovic, Sanja and Lundmark, Anna and Navarro, Jos{\'e} Fern{\'a}ndez and Magnusson, Jens and Giacomello, Stefania and Asp, Michaela and Westholm, Jakub O and Huss, Mikael and others},
  journal={Science},
  volume={353},
  number={6294},
  pages={78--82},
  year={2016},
  publisher={American Association for the Advancement of Science}
}

@article{karamanou2017lumican,
  title={Lumican effectively regulates the estrogen receptors-associated functional properties of breast cancer cells, expression of matrix effectors and epithelial-to-mesenchymal transition},
  author={Karamanou, Konstantina and Franchi, Marco and Piperigkou, Zoi and Perreau, Corinne and Maquart, Francois-Xavier and Vynios, Demitrios H and Brezillon, Stephane},
  journal={Scientific reports},
  volume={7},
  number={1},
  pages={1--15},
  year={2017},
  publisher={Nature Publishing Group}
}

@article{mohebi2020expression,
  title={Expression analysis of vimentin and the related lncRNA network in breast cancer},
  author={Mohebi, Mehdi and Ghafouri-Fard, Soudeh and Modarressi, Mohammad Hossein and Dashti, Sepideh and Zekri, Ali and Kholghi-Oskooei, Vahid and Taheri, Mohammad},
  journal={Experimental and molecular pathology},
  volume={115},
  pages={104439},
  year={2020},
  publisher={Elsevier}
}

@article{altevogt2021novel,
  title={Novel insights into the function of CD24: A driving force in cancer},
  author={Altevogt, Peter and Sammar, Marei and H{\"u}ser, Laura and Kristiansen, Glen},
  journal={International Journal of Cancer},
  volume={148},
  number={3},
  pages={546--559},
  year={2021},
  publisher={Wiley Online Library}
}

@article{xu2019role,
  title={The role of collagen in cancer: from bench to bedside},
  author={Xu, Shuaishuai and Xu, Huaxiang and Wang, Wenquan and Li, Shuo and Li, Hao and Li, Tianjiao and Zhang, Wuhu and Yu, Xianjun and Liu, Liang},
  journal={Journal of translational medicine},
  volume={17},
  number={1},
  pages={1--22},
  year={2019},
  publisher={Springer}
}


@article{sun2017differential,
  title={Differential expression analysis for RNAseq using Poisson mixed models},
  author={Sun, Shiquan and Hood, Michelle and Scott, Laura and Peng, Qinke and Mukherjee, Sayan and Tung, Jenny and Zhou, Xiang},
  journal={Nucleic acids research},
  volume={45},
  number={11},
  pages={e106--e106},
  year={2017},
  publisher={Oxford University Press}
}

@article{bhattacharya2011sparse,
  title={Sparse Bayesian infinite factor models},
  author={Bhattacharya, Anirban and Dunson, David B},
  journal={Biometrika},
  pages={291--306},
  year={2011}
}

@article{lopes2004bayesian,
  title={Bayesian model assessment in factor analysis},
  author={Lopes, Hedibert Freitas and West, Mike},
  journal={Statistica Sinica},
  pages={41--67},
  year={2004},
  publisher={JSTOR}
}

@article{geweke1996measuring,
  title={Measuring the pricing error of the arbitrage pricing theory},
  author={Geweke, John and Zhou, Guofu},
  journal={The review of financial studies},
  volume={9},
  number={2},
  pages={557--587},
  year={1996},
  publisher={Oxford University Press}
}

@article{de2018bayesian,
  title={Bayesian multistudy factor analysis for high-throughput biological data},
  author={De Vito, Roberta and Bellio, Ruggero and Trippa, Lorenzo and Parmigiani, Giovanni},
  journal={The Annals of Applied Statistics},
  volume={15},
  number={4},
  pages={1723--1741},
  year={2021},
  publisher={Institute of Mathematical Statistics}
}




